<?xml version="1.0" encoding="UTF-8"?>
<marc:collection xmlns:marc="http://www.loc.gov/MARC21/slim" xmlns:xsi="http://www.w3.org/2001/XMLSchema-instance" xsi:schemaLocation="http://www.loc.gov/MARC21/slim http://www.loc.gov/standards/marcxml/schema/MARC21slim.xsd">
   <marc:record type="Bibliographic">
      <marc:leader>03449cam a2200421 a 4500</marc:leader>
      <marc:controlfield tag="001">1129697</marc:controlfield>
      <marc:controlfield tag="003">NjP</marc:controlfield>
      <marc:controlfield tag="005">20120905081754.0</marc:controlfield>
      <marc:controlfield tag="008">950616s1863    ua            000 0bara d</marc:controlfield>
      <marc:datafield tag="024" ind1="7" ind2=" ">
         <marc:subfield code="a">princeton_aco000727</marc:subfield>
         <marc:subfield code="2">local</marc:subfield>
      </marc:datafield>
      <marc:datafield tag="035" ind1=" " ind2=" ">
         <marc:subfield code="a">(OCoLC)36736495</marc:subfield>
      </marc:datafield>
      <marc:datafield tag="035" ind1=" " ind2=" ">
         <marc:subfield code="a">(OCoLC)ocn176623518</marc:subfield>
      </marc:datafield>
      <marc:datafield tag="035" ind1=" " ind2=" ">
         <marc:subfield code="a">(OCoLC)176623518</marc:subfield>
      </marc:datafield>
      <marc:datafield tag="035" ind1=" " ind2=" ">
         <marc:subfield code="a">(CStRLIN)NJPG95-B37453</marc:subfield>
      </marc:datafield>
      <marc:datafield tag="035" ind1=" " ind2=" ">
         <marc:subfield code="9">CCM7155TS</marc:subfield>
      </marc:datafield>
      <marc:datafield tag="035" ind1=" " ind2=" ">
         <marc:subfield code="a">(NjP)1129697</marc:subfield>
      </marc:datafield>
      <marc:datafield tag="040" ind1=" " ind2=" ">
         <marc:subfield code="a">NjP</marc:subfield>
         <marc:subfield code="c">PUL</marc:subfield>
         <marc:subfield code="d">PUL</marc:subfield>
      </marc:datafield>
      <marc:datafield tag="049" ind1=" " ind2=" ">
         <marc:subfield code="a">PULL</marc:subfield>
      </marc:datafield>
      <marc:datafield tag="079" ind1=" " ind2=" ">
         <marc:subfield code="a">ocm36736495</marc:subfield>
      </marc:datafield>
      <marc:datafield tag="100" ind1="1" ind2=" ">
         <marc:subfield code="6">880-01</marc:subfield>
         <marc:subfield code="a">Ibn Ẓafar, Muḥammad ibn ʻAbd Allāh,</marc:subfield>
         <marc:subfield code="d">1104-1169.</marc:subfield>
      </marc:datafield>
      <marc:datafield tag="240" ind1="1" ind2="0">
         <marc:subfield code="6">880-02</marc:subfield>
         <marc:subfield code="a">Khayr al-bishr bi-khayr al-bashar</marc:subfield>
      </marc:datafield>
      <marc:datafield tag="245" ind1="1" ind2="0">
         <marc:subfield code="6">880-03</marc:subfield>
         <marc:subfield code="a">Kitāb Khayr al-bishr bi-khayr al-bashar, ṣallá Allāh ʻalayhi wa-sallam /</marc:subfield>
         <marc:subfield code="c">taʼlīf Abī ʻAbd Allāh Muḥammad ibn Muḥammad ibn Ẓafar al-Makkī.</marc:subfield>
      </marc:datafield>
      <marc:datafield tag="246" ind1="3" ind2="0">
         <marc:subfield code="6">880-04</marc:subfield>
         <marc:subfield code="a">Khayr al-bishr bi-khayr al-bashar</marc:subfield>
      </marc:datafield>
      <marc:datafield tag="260" ind1=" " ind2=" ">
         <marc:subfield code="6">880-05</marc:subfield>
         <marc:subfield code="a">[Cairo?] :</marc:subfield>
         <marc:subfield code="b">ʻalá dhimmat Muḥammad Afandī al-Alāyilī,</marc:subfield>
         <marc:subfield code="c">1280 [1863]</marc:subfield>
      </marc:datafield>
      <marc:datafield tag="300" ind1=" " ind2=" ">
         <marc:subfield code="a">119 p. ;</marc:subfield>
         <marc:subfield code="c">19 cm.</marc:subfield>
      </marc:datafield>
      <marc:datafield tag="590" ind1=" " ind2=" ">
         <marc:subfield code="6">880-06</marc:subfield>
         <marc:subfield code="a">Princeton copy bound with: Hādhā Kitāb al-Mashrab al-wardī fī ḥaqīqat al-Mahdī / [ʻAlī ibn Sulṭān Muḥammad al-Harawī al-Qārī]. [Cairo?] : Maṭbaʻat Muḥammad Afandī Shāhīn, 1862. Hādhihi al-Durrah al-yatīmah tasbīʻan lil-Burdah al-ʻaẓīmah / taʼlīf Aḥmad ibn Muḥammad al-Rifāʻī al-Shāmī. [Cairo?] : Maḥmūd ʻAbd al-Razzāq, 1280 [1863]. Hādhā Mawlid al-Rasūl, ṣallá Allāh ʻalayhi wa-sallam / li-Muḥammad al-ʻAzab. Miṣr : al-Maṭbaʻah al-Kastalīyah, 1279 [1862 or 1863].</marc:subfield>
      </marc:datafield>
      <marc:datafield tag="590" ind1=" " ind2=" ">
         <marc:subfield code="a">Princeton copy bound with: Hādhā Kitāb al-Mashrab al-wardī fī ḥaqīqat al-Mahdī / [ʻAlī ibn Sulṭān Muḥammad al-Harawī al-Qārī]. [Cairo?] : Maṭbaʻat Muḥammad Afandī Shāhīn, 1862. Hādhihi al-Durrah al-yatīmah tasbīʻan lil-Burdah al-ʻaẓīmah / taʾlīf Aḥmad ibn Muḥammad al-Rifāʻī al-Shāmī. [Cairo?] : Maḥmūd ʻAbd al-Razzāq, 1280 [1863]. Hādhā Mawlid al-Rasūl, ṣallá Allāh ʻalayhi wa-sallam / li-Muḥammad al-ʻAzab. Miṣr : al-Maṭbaʻah al-Kastalīyah, 1279 [1862 or 1863].</marc:subfield>
      </marc:datafield>
      <marc:datafield tag="600" ind1="0" ind2="0">
         <marc:subfield code="a">Muḥammad,</marc:subfield>
         <marc:subfield code="c">Prophet,</marc:subfield>
         <marc:subfield code="d">d. 632.</marc:subfield>
      </marc:datafield>
      <marc:datafield tag="880" ind1="1" ind2=" ">
         <marc:subfield code="6">100-01/r</marc:subfield>
         <marc:subfield code="a">ابن ظفر، محمد بن عبد الله،</marc:subfield>
         <marc:subfield code="d">1104-1169.</marc:subfield>
      </marc:datafield>
      <marc:datafield tag="880" ind1="1" ind2="0">
         <marc:subfield code="6">240-02/r</marc:subfield>
         <marc:subfield code="a">خير البشر بخير البشر</marc:subfield>
      </marc:datafield>
      <marc:datafield tag="880" ind1="1" ind2="0">
         <marc:subfield code="6">245-03/r</marc:subfield>
         <marc:subfield code="a">كتاب خير البشر بخير البشر، صلى الله عليه وسلم /</marc:subfield>
         <marc:subfield code="c">تأليف ابي عبد الله محمد بن محمد بن ظفر المكي.</marc:subfield>
      </marc:datafield>
      <marc:datafield tag="880" ind1="3" ind2="0">
         <marc:subfield code="6">246-04/r</marc:subfield>
         <marc:subfield code="a">خير البشر بخير البشر</marc:subfield>
      </marc:datafield>
      <marc:datafield tag="880" ind1=" " ind2=" ">
         <marc:subfield code="6">260-05/r</marc:subfield>
         <marc:subfield code="a">[ر؟] :</marc:subfield>
         <marc:subfield code="b">على ذمة محمد افندي الالايلي،</marc:subfield>
         <marc:subfield code="c">1280 [1863]</marc:subfield>
      </marc:datafield>
      <marc:datafield tag="880" ind1=" " ind2=" ">
         <marc:subfield code="6">590-06/r</marc:subfield>
         <marc:subfield code="a">Princeton copy bound with:  هذا كتاب المشرب الوردي في حقيقة المهدي / [علي بن سلطان محمد الهروي القاري]. [ر؟] : مطبعة محمد افندي شاهين، 1862. هاذه الدرة اليتيمة تسبيعن للبردة العظيمة / تأليف احمد بن محمد الرفاعي الشامي. [ر؟] : محمود عبد الرزاق، 1280 [1863]. هذا مولد الرسول، صلى الله عليه وسلم / لمحمد العزب. مصر : المطبعة الكستلية، 1279 [1862 or 1863].</marc:subfield>
      </marc:datafield>
      <marc:datafield tag="998" ind1=" " ind2=" ">
         <marc:subfield code="a">04/04/97</marc:subfield>
         <marc:subfield code="s">9114</marc:subfield>
         <marc:subfield code="n">NjP</marc:subfield>
         <marc:subfield code="w">NJPG95B37453</marc:subfield>
         <marc:subfield code="d">06/16/95</marc:subfield>
         <marc:subfield code="c">AAH</marc:subfield>
         <marc:subfield code="b">KC</marc:subfield>
         <marc:subfield code="i">970404</marc:subfield>
         <marc:subfield code="l">NJPG</marc:subfield>
      </marc:datafield>
      <marc:datafield tag="948" ind1=" " ind2=" ">
         <marc:subfield code="a">BW 1</marc:subfield>
      </marc:datafield>
      <marc:datafield tag="911" ind1=" " ind2=" ">
         <marc:subfield code="a">19970410</marc:subfield>
      </marc:datafield>
      <marc:datafield tag="912" ind1=" " ind2=" ">
         <marc:subfield code="a">19970404000000.0</marc:subfield>
      </marc:datafield>
      <marc:datafield tag="994" ind1=" " ind2=" ">
         <marc:subfield code="a">C0</marc:subfield>
         <marc:subfield code="b">PUL</marc:subfield>
      </marc:datafield>
      <marc:datafield tag="999" ind1=" " ind2=" ">
         <marc:subfield code="a">1129697</marc:subfield>
      </marc:datafield>
   </marc:record>
</marc:collection>
